@Book {Acheson1990,
     TITLE = {Elementary {F}luid {D}ynamics},
    AUTHOR = {D. J. Acheson},
 PUBLISHER = {Oxford University Press},
      YEAR = {1990},
}

@Book{Braess,
  author	= {Braess, D.},
  title		= {Finite {E}lements: {T}heory, fast solvers, and
		  applications in elasticity theory},
  edition	= {3rd},
  publisher	= {Cambridge University Press},
  year		= {2007}
}

@Book{Briggsetal2000,
  author	= {W. Briggs and V. E. Henson and S. McCormick},
  title		= {A {M}ultigrid {T}utorial},
  edition	= {2nd},
  publisher	= {SIAM Press},
  year		= {2000}
}

@Book{Ciarlet,
  author	= {Ciarlet, P. G.},
  title		= {The {F}inite {E}lement {M}ethod for {E}lliptic {P}roblems},
  note		= {Reprint of the 1978 original},
  publisher	= {SIAM Press},
  year		= {2002}
}

@Book{Elmanetal2005,
  author	= {H. C. Elman and D. J. Silvester and A. J. Wathen},
  title		= {Finite {E}lements and {F}ast {I}terative {S}olvers: with
		  {A}pplications in {I}ncompressible {F}luid {D}ynamics},
  publisher	= {Oxford University Press},
  year		= {2005}
}

@Book{Evans,
  author	= {L. C. Evans},
  title		= {Partial {D}ifferential {E}quations},
  series	= {Graduate Studies in Mathematics},
  publisher	= {American Mathematical Society},
  year		= {1998}
}

@article{George1973,
  title={Nested dissection of a regular finite element mesh},
  author={George, A.},
  journal={SIAM J. Num. Analysis},
  volume={10},
  number={2},
  pages={345--363},
  year={1973},
}

@Book{Greenbaum1997,
  title		= {Iterative {M}ethods for {S}olving {L}inear {S}ystems},
  author	= {Greenbaum, A.},
  year		= {1997},
  publisher	= {SIAM Press}
}

@Book{Groppetal1999,
  title		= {Using {MPI}: {P}ortable {P}arallel {P}rogramming with the
		  {M}essage-{P}assing {I}nterface},
  author	= {Gropp, W. and Lusk, E. and Skjellum, A.},
  edition	= {2nd},
  year		= {1999},
  publisher	= {MIT Press}
}

@Book{KarniadakisSherwin,
  title		= {Spectral/hp {E}lement {M}ethods for {C}omputational
		  {F}luid {D}ynamics},
  author	= {G. Karniadakis and S. Sherwin},
  year		= {2013},
  edition	= {2nd},
  publisher	= {Oxford University Press}
}

@Book{Leveque,
  author	= {R. J. LeVeque},
  title		= {Finite {V}olume {M}ethods for {H}yperbolic {P}roblems},
  series	= {Cambridge Texts in Applied Mathematics},
  publisher	= {Cambridge University Press},
  year		= {2002}
}

@Book{MortonMayers,
  author	= {K. W. Morton and D. F. Mayers},
  title		= {Numerical {S}olutions of {P}artial {D}ifferential
		  {E}quations: {A}n {I}ntroduction},
  publisher	= {Cambridge University Press},
  edition	= {2nd},
  year		= {2005}
}

@Article{Nachtigaletal1992,
  author	= {N. M. Nachtigal and S. C. Reddy and L. N. Trefethen},
  title		= {How fast are nonsymmetric matrix iterations?},
  journal	= {SIAM J. Matrix Anal. Appl.},
  volume  = {13},
  pages   = {778--795},
  year		= {1992}
}

@Article{Greenbaumetal1996,
  author	= {A. Greenbaum and V. Ptak and Z. Strakos},
  title		= {Any nonincreasing convergence curve is possible for {GMRES}},
  journal	= {SIAM J. Matrix Anal. Appl.},
  volume  = {17},
  number  = {3},
  pages   = {465--469},
  year		= {1996}
}

@Book{Ockendonetal2003,
  author	= {J. Ockendon and S. Howison and A. Lacey and S. Movchan},
  title		= {Applied {P}artial {D}ifferential {E}quations},
  publisher	= {Oxford University Press},
  edition	= {revised},
  year		= {2003}
}

@TechReport{petsc-user-ref,
  author	= "S. Balay and others",
  title		= "{PETS}c {U}sers {M}anual",
  number	= "ANL-95/11 - Revision 3.5",
  institution	= "Argonne National Laboratory",
  year		= "2014"
}

@book {Saad2003,
    AUTHOR = {Y. Saad},
     TITLE = {Iterative {M}ethods for {S}parse {L}inear {S}ystems},
   EDITION = {second},
 PUBLISHER = {SIAM Press},
      YEAR = {2003},
}

@InCollection{Shewchuk1996,
  author	= {J. R. Shewchuk},
  title		= {Triangle: {E}ngineering a {2D} {Q}uality {M}esh
		  {G}enerator and {D}elaunay {T}riangulator},
  booktitle	= {Applied Computational Geometry: Towards Geometric
		  Engineering},
  editor	= {M. Lin and D. Manocha},
  series	= {Lecture Notes in Computer Science},
  volume	= 1148,
  publisher	= {Springer-Verlag},
  pages		= {203--222},
  year		= 1996
}

@Book{Smithetal1996,
  title		= {Domain decomposition: parallel multilevel methods for
		  elliptic partial differential equations},
  author	= {Smith, B. and Bjorstad, P. and Gropp, W.},
  year		= {1996},
  publisher	= {Cambridge University Press}
}

@Book{Trefethen,
  author	= {L. N. Trefethen},
  title		= {Spectral {M}ethods in {MATLAB}},
  publisher	= {SIAM Press},
  year		= {2000}
}

@Book{TrefethenBau,
  author	= {L. N. Trefethen and D. Bau},
  title		= {Numerical {L}inear {A}lgebra},
  publisher	= {SIAM Press},
  year		= {1997}
}

